@article{gheisari2020gastrulation,
  title={Gastrulation in Drosophila melanogaster: Genetic control, cellular basis and biomechanics},
  author={Gheisari, Elham and Aakhte, Mostafa and M{\"u}ller, H-Arno J},
  journal={Mechanisms of Development},
  volume={163},
  pages={103629},
  year={2020},
  publisher={Elsevier}
}

@article{walck2014cell,
  title={Cell intercalation from top to bottom},
  author={Walck-Shannon, Elise and Hardin, Jeff},
  journal={Nature reviews Molecular cell biology},
  volume={15},
  number={1},
  pages={34--48},
  year={2014},
  publisher={Nature Publishing Group UK London}
}

@article{butler2009cell,
  title={Cell shape changes indicate a role for extrinsic tensile forces in Drosophila germ-band extension},
  author={Butler, Lucy C and Blanchard, Guy B and Kabla, Alexandre J and Lawrence, Nicola J and Welchman, David P and Mahadevan, L and Adams, Richard J and Sanson, Benedicte},
  journal={Nature cell biology},
  volume={11},
  number={7},
  pages={859--864},
  year={2009},
  publisher={Nature Publishing Group UK London}
}

@article{irvine1994cell,
  title={Cell intercalation during Drosophila germband extension and its regulation by pair-rule segmentation genes},
  author={Irvine, Kenneth D and Wieschaus, Eric},
  journal={Development},
  volume={120},
  number={4},
  pages={827--841},
  year={1994},
  publisher={The Company of Biologists Ltd}
}

@article{sweeton1991gastrulation,
  title={Gastrulation in Drosophila: the formation of the ventral furrow and posterior midgut invaginations},
  author={Sweeton, Dari and Parks, Suki and Costa, Michael and Wieschaus, Eric},
  journal={Development},
  volume={112},
  number={3},
  pages={775--789},
  year={1991},
  publisher={The Company of Biologists Ltd}
}

@article{bownes1975photographic,
  title={A photographic study of development in the living embryo of Drosophila melanogaster},
  author={Bownes, Mary},
  journal={Development},
  volume={33},
  number={3},
  pages={789--801},
  year={1975},
  publisher={The Company of Biologists Ltd}
}

@article{holcomb2021mechanical,
  title={Mechanical feedback and robustness of apical constrictions in Drosophila embryo ventral furrow formation},
  author={Holcomb, Michael C and Gao, Guo-Jie Jason and Servati, Mahsa and Schneider, Dylan and McNeely, Presley K and Thomas, Jeffrey H and Blawzdziewicz, Jerzy},
  journal={PLOS Computational Biology},
  volume={17},
  number={7},
  pages={e1009173},
  year={2021},
  publisher={Public Library of Science San Francisco, CA USA}
}

@article{dicko2017geometry,
  title={Geometry can provide long-range mechanical guidance for embryogenesis},
  author={Dicko, Mahamar and Saramito, Pierre and Blanchard, Guy B and Lye, Claire M and Sanson, B{\'e}n{\'e}dicte and {\'E}tienne, Jocelyn},
  journal={PLoS computational biology},
  volume={13},
  number={3},
  pages={e1005443},
  year={2017},
  publisher={Public Library of Science San Francisco, CA USA}
}
@article{sommer1994expression,
  title={Expression patterns of twist and snail in Tribolium (Coleoptera) suggest a homologous formation of mesoderm in long and short germ band insects},
  author={Sommer, Ralf J and Tautz, Diethard},
  journal={Developmental genetics},
  volume={15},
  number={1},
  pages={32--37},
  year={1994},
  publisher={Wiley Online Library}
}

@article{wang2012differential,
  title={Differential positioning of adherens junctions is associated with initiation of epithelial folding},
  author={Wang, Yu-Chiun and Khan, Zia and Kaschube, Matthias and Wieschaus, Eric F},
  journal={Nature},
  volume={484},
  number={7394},
  pages={390--393},
  year={2012},
  publisher={Nature Publishing Group UK London}
}

@article{fernandez2010mechanical,
  title={Mechanical induction in embryonic development and tumor growth: integrative cues through molecular to multicellular interplay and evolutionary perspectives},
  author={Fernandez-Sanchez, Maria-Elena and Serman, Fanny and Ahmadi, Padra and Farge, Emmanuel},
  journal={Methods in cell biology},
  volume={98},
  pages={295--321},
  year={2010},
  publisher={Elsevier}
}

@article{conte2012biomechanical,
  title={A biomechanical analysis of ventral furrow formation in the Drosophila melanogaster embryo},
  author={Conte, Vito and Ulrich, Florian and Baum, Buzz and Munoz, Jose and Veldhuis, Jim and Brodland, Wayne and Miodownik, Mark},
  journal={PLoS one},
  volume={7},
  number={4},
  pages={e34473},
  year={2012},
  publisher={Public Library of Science San Francisco, USA}
}

@article{johanolsen,
  title={Functional aspects of protein flexibility},
  author={Olsen, Johan and Teilum, Kaare and Kragelund, Birthe B},
  journal={Cellular and Molecular Life Sciences},
  volume={66},
  pages={2231--2247},
  year={2009},
  publisher={Springer}
}

@article{hemavathy1997differential,
  title={Differential regulation of gastrulation and neuroectodermal gene expression by Snail in the Drosophila embryo},
  author={Hemavathy, Kirugaval and Meng, Xiangjun and Ip, Y Tony},
  journal={Development},
  volume={124},
  number={19},
  pages={3683--3691},
  year={1997},
  publisher={The Company of Biologists Ltd}
}'

@article{hemavathy2004repressor,
  title={The repressor function of snail is required for Drosophila gastrulation and is not replaceable by Escargot or Worniu},
  author={Hemavathy, Kirugaval and Hu, Xiaodi and Ashraf, Shovon I and Small, Stephen J and Ip, Y Tony},
  journal={Developmental biology},
  volume={269},
  number={2},
  pages={411--420},
  year={2004},
  publisher={Elsevier}
}'

@article{leptin1991twist,
  title={twist and snail as positive and negative regulators during Drosophila mesoderm development.},
  author={Leptin, Maria},
  journal={Genes \& development},
  volume={5},
  number={9},
  pages={1568--1576},
  year={1991},
  publisher={Cold Spring Harbor Lab}
}

@article{veraksa2000developmental,
  title={Developmental patterning genes and their conserved functions: from model organisms to humans},
  author={Veraksa, Alexey and Del Campo, Miguel and McGinnis, William},
  journal={Molecular genetics and metabolism},
  volume={69},
  number={2},
  pages={85--100},
  year={2000},
  publisher={Elsevier}
}